<record><leader>00000cas a22000007a 4500</leader><controlfield tag="001">22400161</controlfield><controlfield tag="008">900918d19461951nhudn ne      0    0eng d</controlfield><datafield ind1=" " ind2=" " tag="010"><subfield code="a">sn 90062377 </subfield></datafield><datafield ind1=" " ind2=" " tag="040"><subfield code="a">NVH</subfield><subfield code="b">eng</subfield><subfield code="c">NVH</subfield><subfield code="d">OCLCQ</subfield></datafield><datafield ind1="0" ind2="0" tag="245"><subfield code="a">Manchester evening leader.</subfield></datafield><datafield ind1="3" ind2="0" tag="246"><subfield code="a">Evening Manchester leader</subfield></datafield><datafield ind1=" " ind2=" " tag="260"><subfield code="a">Manchester, N.H. :</subfield><subfield code="b">Union-Leader Corp.</subfield></datafield><datafield ind1=" " ind2=" " tag="300"><subfield code="a">v.</subfield></datafield><datafield ind1=" " ind2=" " tag="310"><subfield code="a">Daily (except Sun.)</subfield></datafield><datafield ind1="0" ind2=" " tag="362"><subfield code="a">35th year, no. 54 (Dec. 12, 1946)-39th year, no. 76 (Jan. 8, 1951).</subfield></datafield><datafield ind1=" " ind2=" " tag="752"><subfield code="a">United States</subfield><subfield code="b">New Hampshire</subfield><subfield code="c">Hillsborough</subfield><subfield code="d">Manchester.</subfield></datafield><datafield ind1="0" ind2="0" tag="780"><subfield code="t">Manchester leader and evening union</subfield><subfield code="w">(DLC)sn 90062376</subfield></datafield><datafield ind1="0" ind2="0" tag="785"><subfield code="t">Manchester New Hampshire union leader (Manchester, N.H. : City ed.)</subfield><subfield code="w">(DLC)sn 91063177</subfield></datafield></record>